@book{angel:2008:opengl,
  title={OpenGL: A Primer},
  author={Angel, E.},
  isbn={9780321398116},
  lccn={2003065960},
  url={http://books.google.com.sv/books?id=HD9WRwAACAAJ},
  year={2008},
  publisher={Addison-Wesley Educational Publishers, Incorporated}
}

@book{atrill:2010:accounting,
  title={Accounting and Finance for Non-specialists},
  author={Atrill, P. and McLaney, E.J.},
  isbn={9780273745884},
  lccn={2010037454},
  url={http://books.google.nl/books?id=Wr6rcQAACAAJ},
  year={2010},
  publisher={Financial Times Business Enterprises, Limited}
}

@book{barnes:2011:objectsfirst,
  title={Objects First with Java: A Practical Introduction Using BlueJ},
  author={Barnes, D.J. and K{\"o}lling, M.},
  isbn={9780133001778},
  url={http://books.google.be/books?id=\_eguAAAAQBAJ},
  year={2011},
  publisher={Pearson Education}
}

@book{bosch:2010:brueckenkurs,
  title={Br{\"u}ckenkurs Mathematik},
  author={Bosch, K.},
  isbn={9783486710212},
  url={http://books.google.nl/books?id=jZ6e8jOgVJEC},
  year={2010},
  publisher={Walter de Gruyter}
}

@book{comer:2009:networks,
  title={Computer Networks and Internets},
  author={Comer, D.},
  isbn={9780135045831},
  lccn={2009285038},
  series={Pearson Education International},
  url={http://books.google.be/books?id=n2RgPgAACAAJ},
  year={2009},
  publisher={Pearson Education, Limited}
}

@book{elmasri:2009:grundlagen,
  title={Grundlagen von Datenbanksystemen},
  author={Elmasri, R. and Navathe, S.},
  isbn={9783868940121},
  series={Pearson Studium},
  url={http://books.google.nl/books?id=REgdRECfcRIC},
  year={2009},
  publisher={Pearson Deutschland}
}

@book{fowler:2004:uml,
  title={UML Distilled: A Brief Guide to the Standard Object Modeling Language},
  author={Fowler, M.},
  isbn={9780321193681},
  lccn={2003057759},
  series={Addison-Wesley object technology series},
  url={http://books.google.nl/books?id=nHZslSr1gJAC},
  year={2004},
  publisher={Addison-Wesley}
}

@book{freeman:2004:designpatterns,
  title={Head First Design Patterns},
  author={Freeman, E. and Freeman, E. and Sierra, K. and Bates, B.},
  isbn={9780596007126},
  lccn={2005280819},
  series={Head first series},
  url={http://books.google.nl/books?id=GGpXN9SMELMC},
  year={2004},
  publisher={O'Reilly Media, Incorporated}
}


@book{goetz:2006:concurrency,
  title={Java Concurrency in Practice},
  author={Goetz, B. and Peierls, T. and Bloch, J. and Bowbeer, J. and Lea, D. and Holmes, D.},
  isbn={9780132702256},
  url={http://books.google.be/books?id=EK43StEVfJIC},
  year={2006},
  publisher={Pearson Education}
}

@book{harold:2003:xml,
  title={Processing XML with Java: A Guide to SAX, DOM, JDOM, JAXP, and TrAX},
  author={Harold, E.R.},
  number={v. 1},
  isbn={9780201771862},
  lccn={2002028190},
  series={Safari Tech Books Online},
  url={http://books.google.nl/books?id=3xQtiGMjjxMC},
  year={2003},
  publisher={Addison-Wesley}
}

@book{lamsweerde:2009:requirements,
  title={Requirements Engineering: From System Goals to UML Models to Software Specifications},
  author={van Lamsweerde, A.},
  isbn={9780470012703},
  lccn={2008036187},
  url={http://books.google.nl/books?id=AYk\_AQAAIAAJ},
  year={2009},
  publisher={Wiley}
}

@book{lipschutz:2009:schaum,
  title={Schaum's Outline of Discrete Mathematics, Revised Third Edition},
  author={Lipschutz, S. and Lipson, M.},
  isbn={9780071615860},
  series={Schaum's Outline Series},
  url={http://books.google.be/books?id=KVZ2mgEACAAJ},
  year={2009},
  publisher={McGraw-Hill Education}
}


@book{sedgewick:2011:algorithms,
  title={Algorithms},
  author={Sedgewick, R. and Wayne, K.},
  isbn={9780132762564},
  url={http://books.google.nl/books?id=idUdqdDXqnAC},
  year={2011},
  publisher={Pearson Education}
}

@book{verhoeven:2008:doing,
  title={Doing Research: The Hows and Whys of Applied Research},
  author={Verhoeven, N.},
  isbn={9789047300649},
  url={http://books.google.nl/books?id=C23sXwAACAAJ},
  year={2008},
  publisher={Lyceum Books}
}

@book{vigenschow:2010:testen,
  title={Testen von Software und Embedded Systems: professionelles Vorgehen mit modellbasierten und objektorientierten Ans{\"a}tzen},
  author={Vigenschow, U.},
  isbn={9783898646383},
  url={http://books.google.nl/books?id=633zQwAACAAJ},
  year={2010},
  publisher={dpunkt-Verlag}
}

@book{stallings:2011:operatingsystems,
  added-at = {2011-08-03T00:00:00.000+0200},
  author = {Stallings, William},
  biburl = {http://www.bibsonomy.org/bibtex/26b6ac3c5b9a032bfeef7f50cd602b580/dblp},
  ee = {http://catalogue.pearsoned.co.uk/educator/product/Operating-Systems-Internals-and-Design-Principles-International-Edition/9780273751502.page},
  interhash = {80b8da3006b2733a088e576c823f6d10},
  intrahash = {6b6ac3c5b9a032bfeef7f50cd602b580},
  isbn = {978-0-273-75150-2},
  keywords = {dblp},
  pages = {1-788},
  publisher = {Pitman},
  timestamp = {2011-08-03T00:00:00.000+0200},
  title = {Operating Systems - Internals and Design Principles (7th ed.).},
  year = {2011}
}

@book{Warren:2012:hackersdelight,
   author = {Warren, Henry S.},
   title = {Hacker's Delight},
   year = {2012},
   isbn = {0321842685, 9780321842688},
   edition = {2nd},
   publisher = {Addison-Wesley Professional},
} 


@book{mclaughlin:2006:ooad,
author={Brett McLaughlin, Gary Pollice, David West},
title={Head First Object-Oriented Analysis and Design},
series={Head First series},
publisher={O'Reilly},
year={2006},
url={http://shop.oreilly.com/product/9780596008673.do},
isbn={ISBN 10: 0-596-00867-8 | ISBN 13: 9780596008673}
}

@book{koskela:2008,
author={Koskela,Lasse},
title={Test Driven},
publisher={Manning Publications Co},
yeasr={2008},
url={http://www.manning.com/koskela/},
isb={ISBN 10: 1932394850| ISBN 13: 978-1932394856}
 
}
@book{gamma:1995:patterns,
author={Erich Gamma, Richard Helm, Ralph Johnson and John Vlissides},
title={Design Patterns: Elements of Reusable Object-Oriented Software},
publisher={Addison Wesley},
year={1995},
url={http://books.google.nl/books?id=6oHuKQe3TjQC},
isbn={ISBN 0-201-63361-2}
}

@book{douglass:1999:hard,
author={Bruce Powel Douglass},
title={Doing Hard Time: Developing Real-Time Systems with UML, Objects, Frameworks, and Patterns},
publisher={Addison-Wesley},
year={1999},
isbn={ISBN-10: 0201498375|ISBN-13: 9780201498370}
}

@online{dGehalt:2012,
  author={Spiegel},
  title={Kein Lohn zu verjubeln},
  publisher={Spiegel},
  year={2012},
  url={http://www.spiegel.de/karriere/berufsstart/neue-studie-einstiegsgehaelter-von-akademikern-a-866150.html},
 note ={Last visited September 2014.}
}

@book{kaczanowski:2013,
author={Kaczanowski,Tomek},
title={Practical Unit Testing with JUnit and Mockito},
publisher={practicalunittesting.com},
year={2013},
url={http://practicalunittesting.com/varia.php}
}